<collection xmlns="http://www.loc.gov/MARC21/slim">
<record>
  <leader>00453nam0a22001331i 450 </leader>
  <controlfield tag="001">IT\ICCU\CNCE\066489</controlfield>
  <controlfield tag="005">20060913000000.0</controlfield>
  <datafield tag="100" ind1=" " ind2=" ">
    <subfield code="a">20060907d1565        0itac0103    ba</subfield>
  </datafield>
  <datafield tag="101" ind1=" " ind2=" ">
    <subfield code="a">LAT</subfield>
  </datafield>
  <datafield tag="102" ind1=" " ind2=" ">
    <subfield code="a">CH</subfield>
  </datafield>
  <datafield tag="200" ind1="1" ind2=" ">
    <subfield code="a">Omnes quae extant D. Hieronymi Stridonensis lucubrationes, additus vna pseusepigraphis et alienis, scriptis ipsius admixtis, in nouem tomos</subfield>
  </datafield>
  <datafield tag="210" ind1=" " ind2=" ">
    <subfield code="a">Basilea</subfield>
    <subfield code="d">1565</subfield>
  </datafield>
  <datafield tag="300" ind1=" " ind2=" ">
    <subfield code="a">ANNULLATA. Straniera (Basilea, 1565)</subfield>
  </datafield>
  <datafield tag="801" ind1=" " ind2="3">
    <subfield code="a">IT</subfield>
    <subfield code="b">ICCU</subfield>
    <subfield code="c">20201115</subfield>
  </datafield>
</record>
</collection>
